Automatically generated by Mendeley Desktop 1.19.4
Any changes to this file will be lost if it is regenerated by Mendeley.

BibTeX export options can be customized via Options -> BibTeX in Mendeley Desktop

@article{Pareja2010,
abstract = {El presente trabajo estudia y analiza la producci{\'{o}}n editorial de libros de rol publicados en Espa{\~{n}}a entre 1972 y 2007 recogidos en la base de datos de la Agencia Espa{\~{n}}ola del ISBN. A esto hay que a{\~{n}}adir la creaci{\'{o}}n de diferentes perfiles relacionados con los juegos de rol, como son el perfil del lector, del autor, del traductor y del editor. Se ha intentado obtener el perfil del lector m{\'{a}}s ajustado posible. Para ello se ha recurrido a: el vaciado de la base de datos sobre los lectores del fondo de juegos de rol que posee la Biblioteca P{\'{u}}blica de la Casa de las Conchas (Salamanca) y a la realizaci{\'{o}}n de un muestreo en diferentes lugares de Espa{\~{n}}a (Salamanca, Madrid y las CLN de Valladolid), as{\'{i}} como a trav{\'{e}}s de la red. Para los perfiles del autor, del traductor y del editor, siendo tan peque{\~{n}}as las muestras, se ha optado por la recogida de datos a trav{\'{e}}s de unas encuestas personalizadas a profesionales de dichos campos. Tambi{\'{e}}n se expone en el presente trabajo una introducci{\'{o}}n a los juegos de rol que comprende: el contexto en el que se enmarcan, su origen, su historia, su llegada a Espa{\~{n}}a, las tipolog{\'{i}}as, caracter{\'{i}}sticas de las personas que practican esos juegos, ventajas y desventajas que origina su utilizaci{\'{o}}n y la valoraci{\'{o}}n social de los juegos. Por {\'{u}}ltimo se analizan las principales particularidades editoriales que poseen dichos libros. Se estudiaron los registros pertinentes encontrados en la base de datos del ISBN que aportaron un total de 1170 t{\'{i}}tulos. Los campos de an{\'{a}}lisis que se consideraron fueron: editorial, juego al que pertenece, origen del juego, idioma original, precio de los libros y periodos de publicaci{\'{o}}n.},
author = {Pareja, Sevillano},
doi = {10.14201/eks.7477},
file = {:F$\backslash$:/Alejandro/ARPEGOS{\_}Project/Documentation/Docs/Pareja - 2010 - ESTUDIO DEL SECTOR EDITORIAL DE LOS JUEGOS DE ROL EN ESPA{\~{N}}A HISTORIA, TIPOLOG{\'{I}}A, PERFIL DEL LECTOR, DEL AUTOR, DEL TRADU.pdf:pdf},
issn = {2444-8729},
journal = {Education in the Knowledge Society},
keywords = {Author profile,Bibliometrics,Bibliometr{\'{i}}a,Books,CLN,Editor profile,Educaci{\'{o}}n,Education,Espa{\~{n}}a,ISBN,Industria editorial,Information resources (General),Information society,Juegos de rol,L,LC8-6691,Libros,Perfil del autor,Perfil del editor,Perfil del lector,Perfil del traductor,Publising industry,Reader profile,Role-playing games,Socieada de la informaci{\'{o}}n,Spain,Special aspects of education,Translator profile,ZA3040-5185},
number = {3},
pages = {439--440},
title = {{ESTUDIO DEL SECTOR EDITORIAL DE LOS JUEGOS DE ROL EN ESPA{\~{N}}A: HISTORIA, TIPOLOG{\'{I}}A, PERFIL DEL LECTOR, DEL AUTOR, DEL TRADUCTOR Y DEL EDITOR.}},
volume = {11},
year = {2010}
}
@article{Ramos-Villagrasa2010,
abstract = {Los juegos de rol son una forma de ocio en la que un conjunto de jugadores participa en un sistema de creaci{\'{o}}n de historias epis{\'{o}}dicas y participativas. La personalidad es un constructo que ha mostrado su influencia en la toma de decisiones de m{\'{u}}ltiples aspectos de la vida, y en este estudio comprobamos si se relaciona con la elecci{\'{o}}n de personaje. Se cont{\'{o}} con cincuenta y siete jugadores de rol que cumplimentaron un cuestionario acerca del juego de rol Dungeons {\&} Dragons. Los resultados muestran diferencias en la elecci{\'{o}}n de la clase de personaje seg{\'{u}}n los factores de personalidad Apertura a la Experiencia, Amigabilidad y Extraversi{\'{o}}n. Junto a ello, se examinan las asociaciones existentes entre personalidad y preferencia de determinados tipos de partidas de rol. Finalmente, se reivindica la realizaci{\'{o}}n de m{\'{a}}s investigaciones que contribuyan a conocer la relaci{\'{o}}n entre personalidad y elecci{\'{o}}n de personaje en los juegos de rol},
author = {{Ramos Villagrasa}, Pedro and {Sueiro Abad}, Manuel},
file = {:F$\backslash$:/Alejandro/ARPEGOS{\_}Project/Documentation/Docs/Ramos Villagrasa, Sueiro Abad - 2010 - Personalidad y elecci{\'{o}}n de personaje en los juegos de rol dime qui{\'{e}}n eres y te dir{\'{e}} qui{\'{e}}n prefier.pdf:pdf},
issn = {1138-9737},
journal = {Education in the knowledge society (EKS)},
keywords = {decision processes.,juegos de rol,personalidad,personality,role-playing games,toma de decisiones.},
number = {3},
pages = {8--26},
title = {{Personalidad y elecci{\'{o}}n de personaje en los juegos de rol: dime qui{\'{e}}n eres y te dir{\'{e}} qui{\'{e}}n prefieres ser}},
url = {https://www.redalyc.org/pdf/2010/201021093002.pdf},
volume = {11},
year = {2010}
}
@misc{Verkami,
author = {Autores, Varios},
title = {{Regnum Ex Nihilo — Verkami}},
url = {https://www.verkami.com/projects/25993-regnum-ex-nihilo/blog},
urldate = {2020-06-26}
}
@book{Mackay2001,
abstract = {Introduction: Toward an Aesthetics of the Role-Playing Game -- The Role-Playing Game: Defined, Described, and Systematized -- Cultural Structure -- Origins: From War Games to Role Games -- Novel Ideas: ADandD and Dragonlance as a Case for the Role-Playing Game's Reciprocal Relationship with Fantasy Literature -- A Recursive History: The Role-Playing Game's Dialogue with Popular Culture -- A New Category of Popular Entertainments and a New Kind of Sandbox: Playing in Imaginary-Entertainment Environments -- Formal Structure -- Interface Design: The Machinery Manufacturing the Ghost in the Machine -- Enabling the Performance in Every Way: Everway as a Case Study in Role-Playing Game Interface Design -- Spheres of Performance: A Taxonomy -- Drama: Inscription, Transcription, Prescription -- The Theater and Performance of the Game: Frames of Interaction -- One Word, Two Ears: How the Theater of the Role-Playing Game Narrative Exists within the Sphere of the Role-Playing Game Performance -- Social Structure -- The Structural Foundation of the Role-Player's Subjectivity -- The Role-Playing Game Convention: Festival Subculture -- Context [right arrow] Intertext [right arrow] Hypertext: Role-Playing Games as Systems of Cultural Allusion -- The Structuralist Activity within the Cultural Sphere: Making the Score in the Liminal Mind -- Strips of Imaginary Behavior and the Assemblage of the Character -- The Theater of the Mind: A Phenomenology of the Role-Played Performance within the Theater Sphere (the Performative and Constative Frames).},
author = {Mackay, Daniel},
isbn = {0786408154},
pages = {201},
title = {{The fantasy role-playing game : a new performing art}},
year = {2001}
}
@misc{ArsRolica,
author = {Autores, Varios},
title = {{Generadores de personajes online | Ars Rolica}},
url = {https://arsrolica.wordpress.com/2018/12/19/generadores-de-personajes-online/},
urldate = {2020-06-26}
}
@misc{ExRegnum,
author = {Autores, Varios},
title = {{REGNUM EX NIHILO — ExRegnum Publishing}},
url = {https://www.exregnum.com/regnum-ex-nihilo-esp},
urldate = {2020-06-26}
}
@article{Isaksson2012,
abstract = {Virtual worlds give us the opportunity to explore another self, a virtual character of the real life you. Massively Multiplayer Online Role Playing Games (MMORPGs) have become extremely popular over the last decade. It has also grown into a lucrative business. To keep the players, the game needs to be more than just a game. This study aimed at finding out what factors that determine which features of the character creation interface that are most important to players. The following research question was formed; " Which underlying factors affect how important different features of the character creation interface are to experienced MMORPG players? To be able to answer the question an extensive literature review was conducted. A qualitative approach was taken. Long interviews were made with five participants, two female and three male players. The interviews took place while they created a number of avatars in different MMORPGs. The interviews were then followed up. During the follow-ups, the impact the character creation process had for the players, were discussed. The findings indicate that the character creation interface is important for the players to get a good gaming experience. However different types of players require different things. Important features for the users to change were mainly; the head; the name; and adding parts of yourself on your character. The factors that determined the importance of these features were found to be; Player types; Identity types; Immersion levels; and whether or not the game or the gaming experience were new to the player. Another finding showed that the longer you have played a game the less bizarre the different races, classes and gender will seem. The study also indicated that the female participants had a hard time identifying with their male characters.},
author = {Isaksson, Susanne},
file = {:F$\backslash$:/Alejandro/ARPEGOS{\_}Project/Documentation/Docs/Isaksson - 2012 - Character Creation Processes in MMORPGs -A qualitative study of determining important factors.pdf:pdf},
keywords = {Immersion,MMO,MMORPG,Online games,Virtual world,avatar,character,character creation,gender,identity,motivations,player types,qualitative},
title = {{Character Creation Processes in MMORPGs -A qualitative study of determining important factors}},
url = {https://www.diva-portal.org/smash/record.jsf?pid=diva2:543179},
year = {2012}
}
